@misc{LSSTCadence,
     title = {{LSST \& NOAO Observing Cadence Workshop Report}},
      author={Olsen,~K.\ and Ridgway,~S.\ and others},
     year = {in preparation}
}


@ARTICLE{2014arXiv1409.8562A,
   author = {{Astier}, P. and others},
    title = "{Extending the supernova Hubble diagram to $z\sim1.5$ with the Euclid space mission}",
  journal = {A\&A},
  volume={accepted},
archivePrefix = "arXiv",
   eprint = {1409.8562},
 keywords = {Astrophysics - Cosmology and Nongalactic Astrophysics},
     year = 2014,
      adsurl = {http://adsabs.harvard.edu/abs/2014arXiv1409.8562A},
  adsnote = {Provided by the SAO/NASA Astrophysics Data System}
}

@ARTICLE{2014arXiv1402.6614K,
   author = {{Kim}, A.~G. and {Linder}, E.~V. and {Edelstein}, J. and {Erskine}, D.
	},
    title = "{Giving Cosmic Redshift Drift a Whirl}",
  journal = {Astroparticle Physics},
  year = 2014,
  volume={accepted},
   adsurl = {http://adsabs.harvard.edu/abs/2014arXiv1402.6614K},
  adsnote = {Provided by the SAO/NASA Astrophysics Data System}
}


@ARTICLE{2014MNRAS.440.1498S,
   author = {{Scalzo}, R. and others},
    title = "{Type Ia supernova bolometric light curves and ejected mass estimates from the Nearby Supernova Factory}",
  journal = {\mnras},
archivePrefix = "arXiv",
   eprint = {1402.6842},
 primaryClass = "astro-ph.CO",
 keywords = {supernovae: general, white dwarfs, cosmology: observations, dark energy},
     year = 2014,
    month = may,
   volume = 440,
    pages = {1498-1518},
      doi = {10.1093/mnras/stu350},
   adsurl = {http://adsabs.harvard.edu/abs/2014MNRAS.440.1498S},
  adsnote = {Provided by the SAO/NASA Astrophysics Data System}
}


@ARTICLE{2014ApJ...784...51K,
   author = {{Kim}, A.~G. and others},
    title = "{Type Ia Supernova Hubble Residuals and Host-galaxy Properties}",
  journal = {\apj},
archivePrefix = "arXiv",
   eprint = {1401.3352},
 primaryClass = "astro-ph.CO",
 keywords = {distance scale, supernovae: general },
     year = 2014,
    month = mar,
   volume = 784,
      eid = {51},
    pages = {51},
      doi = {10.1088/0004-637X/784/1/51},
   adsurl = {http://adsabs.harvard.edu/abs/2014ApJ...784...51K},
  adsnote = {Provided by the SAO/NASA Astrophysics Data System}
}


@ARTICLE{2013A&A...560A..90F,
   author = {{Feindt}, U. and others},
    title = "{Measuring cosmic bulk flows with Type Ia supernovae from the Nearby Supernova Factory}",
  journal = {\aap},
archivePrefix = "arXiv",
   eprint = {1310.4184},
 primaryClass = "astro-ph.CO",
 keywords = {cosmology: observations, cosmological parameters, large-scale structure of Universe, supernovae: general},
     year = 2013,
    month = dec,
   volume = 560,
      eid = {A90},
    pages = {A90},
      doi = {10.1051/0004-6361/201321880},
   adsurl = {http://adsabs.harvard.edu/abs/2013A%26A...560A..90F},
  adsnote = {Provided by the SAO/NASA Astrophysics Data System}
}

@ARTICLE{2013A&A...560A..66R,
   author = {{Rigault}, M. and others},
    title = "{Evidence of environmental dependencies of Type Ia supernovae from the Nearby Supernova Factory indicated by local H{$\alpha$}}",
  journal = {\aap},
archivePrefix = "arXiv",
   eprint = {1309.1182},
 primaryClass = "astro-ph.CO",
 keywords = {cosmology: observations},
     year = 2013,
    month = dec,
   volume = 560,
      eid = {A66},
    pages = {A66},
      doi = {10.1051/0004-6361/201322104},
   adsurl = {http://adsabs.harvard.edu/abs/2013A%26A...560A..66R},
  adsnote = {Provided by the SAO/NASA Astrophysics Data System}
}

@ARTICLE{2013PhRvD..87l3512H,
   author = {{Hojjati}, A. and {Kim}, A.~G. and {Linder}, E.~V.},
    title = "{Robust strong lensing time delay estimation}",
  journal = {\prd},
archivePrefix = "arXiv",
   eprint = {1304.0309},
 primaryClass = "astro-ph.CO",
 keywords = {Cosmology, Relativity and gravitation},
     year = 2013,
    month = jun,
   volume = 87,
   number = 12,
      eid = {123512},
    pages = {123512},
      doi = {10.1103/PhysRevD.87.123512},
   adsurl = {http://adsabs.harvard.edu/abs/2013PhRvD..87l3512H},
  adsnote = {Provided by the SAO/NASA Astrophysics Data System}
}


@ARTICLE{2013Fourspring,
author={{Fourspring}, K. and {Ninkov}, Z. and {Fodness}, B. and {Robberto}, M. and {Heap}, S. and {Kim}, A.},
title={Proton radiation testing of digital micromirror devices for space applications},
journal = {Opt.\ Eng.},
year= 2013,
volume=52,
issue = 9,
pages={091807},
month=may
}


@ARTICLE{2013ApJ...770..108C,
   author = {{Childress}, M. and others
	},
    title = "{Host Galaxy Properties and Hubble Residuals of Type Ia Supernovae from the Nearby Supernova Factory}",
  journal = {\apj},
archivePrefix = "arXiv",
   eprint = {1304.4720},
 primaryClass = "astro-ph.CO",
 keywords = {dark energy, supernovae: general },
     year = 2013,
    month = jun,
   volume = 770,
      eid = {108},
    pages = {108},
      doi = {10.1088/0004-637X/770/2/108},
   adsurl = {http://adsabs.harvard.edu/abs/2013ApJ...770..108C},
  adsnote = {Provided by the SAO/NASA Astrophysics Data System}
}

@ARTICLE{2013ApJ...770..107C,
   author = {{Childress}, M. and others
	},
    title = "{Host Galaxies of Type Ia Supernovae from the Nearby Supernova Factory}",
  journal = {\apj},
archivePrefix = "arXiv",
   eprint = {1304.4719},
 primaryClass = "astro-ph.CO",
 keywords = {supernovae: general },
     year = 2013,
    month = jun,
   volume = 770,
      eid = {107},
    pages = {107},
      doi = {10.1088/0004-637X/770/2/107},
   adsurl = {http://adsabs.harvard.edu/abs/2013ApJ...770..107C},
  adsnote = {Provided by the SAO/NASA Astrophysics Data System}
}

@ARTICLE{2010arXiv1004.3511F,
   author = {{Faccioli}, L. and others},
    title = "{Reducing Zero-point Systematics in Dark Energy Supernova Experiments}",
  journal = {ArXiv e-prints},
archivePrefix = "arXiv",
   eprint = {1004.3511},
 primaryClass = "astro-ph.CO",
 keywords = {Astrophysics - Cosmology and Extragalactic Astrophysics},
     year = 2010,
    month = apr,
   adsurl = {http://adsabs.harvard.edu/abs/2010arXiv1004.3511F},
  adsnote = {Provided by the SAO/NASA Astrophysics Data System}
}



@ARTICLE{1995ApJ...440L..41P,
   author = {{Perlmutter}, S. and others},
    title = "{A supernova at $z = 0.458$ and implications for measuring the cosmological deceleration}",
  journal = {\apjl},
     year = 1995,
    month = feb,
   volume = 440,
    pages = {L41-L44},
   adsurl = {http://adsabs.harvard.edu/cgi-bin/nph-bib_query?bibcode=1995ApJ...440L..41P&amp;db_key=AST},
  adsnote = {Provided by the NASA Astrophysics Data System}
}

@ARTICLE{1996PASP..108..190K,
   author = {{Kim}, A. and {Goobar}, A. and {Perlmutter}, S.},
    title = "{A Generalized K Correction for Type IA Supernovae: Comparing R-band Photometry beyond $z=0.2$ with B, V, and R-band Nearby Photometry}",
  journal = {\pasp},
     year = 1996,
    month = feb,
   volume = 108,
    pages = {190},
   adsurl = {http://adsabs.harvard.edu/cgi-bin/nph-bib_query?bibcode=1996PASP..108..190K&amp;db_key=AST},
  adsnote = {Provided by the NASA Astrophysics Data System}
}

@ARTICLE{1996ApJ...473..356P,
   author = {{Pain}, R. and others},
    title = "{The Type Ia Supernova Rate at $z$ approximately 0.4}",
  journal = {\apj},
     year = 1996,
    month = dec,
   volume = 473,
    pages = {356},
   adsurl = {http://adsabs.harvard.edu/cgi-bin/nph-bib_query?bibcode=1996ApJ...473..356P&amp;db_key=AST},
  adsnote = {Provided by the NASA Astrophysics Data System}
}

@ARTICLE{1997ApJ...476L..63K,
   author = {{Kim}, A.~G. and others},
    title = "{Implications for the Hubble Constant from the First Seven Supernovae at $z \ge 0.35$}",
  journal = {\apjl},
     year = 1997,
    month = feb,
   volume = 476,
    pages = {L63},
   adsurl = {http://adsabs.harvard.edu/cgi-bin/nph-bib_query?bibcode=1997ApJ...476L..63K&amp;db_key=AST},
  adsnote = {Provided by the NASA Astrophysics Data System}
}

@ARTICLE{1997ApJ...483..565P,
   author = {{Perlmutter}, S. and others},
    title = "{Measurements of the Cosmological Parameters $\Omega$ and $\Lambda$ from the First Seven Supernovae at $z \ge 0.35$}",
  journal = {\apj},
     year = 1997,
    month = jul,
   volume = 483,
    pages = {565},
   adsurl = {http://adsabs.harvard.edu/cgi-bin/nph-bib_query?bibcode=1997ApJ...483..565P&amp;db_key=AST},
  adsnote = {Provided by the NASA Astrophysics Data System}
}


@ARTICLE{1998Natur.391...51P,
   author = {{Perlmutter}, S. and others},
    title = "{Discovery of a supernova explosion at half the age of the universe}",
  journal = {\nat},
     year = 1998,
    month = jan,
   volume = 391,
    pages = {51},
   adsurl = {http://adsabs.harvard.edu/cgi-bin/nph-bib_query?bibcode=1998Natur.391...51P&amp;db_key=AST},
  adsnote = {Provided by the NASA Astrophysics Data System}
}

@ARTICLE{1998A&A...337L..17E,
   author = {{Afonso}, C. and others},
    title = "{EROS 2 intensive observation of the caustic crossing of microlensing event MACHO SMC-98-1}",
  journal = {\aap},
     year = 1998,
    month = sep,
   volume = 337,
    pages = {L17-L20},
   adsurl = {http://adsabs.harvard.edu/cgi-bin/nph-bib_query?bibcode=1998A%26A...337L..17E&amp;db_key=AST},
  adsnote = {Provided by the NASA Astrophysics Data System}
}
@ARTICLE{1999A&A...344L..49A,
   author = {{Ansari}, R. and others},
    title = "{AgapeZ1: a large amplification microlensing event or an odd variable star towards the inner bulge of M31}",
  journal = {\aap},
     year = 1999,
    month = apr,
   volume = 344,
    pages = {L49-L52},
   adsurl = {http://adsabs.harvard.edu/cgi-bin/nph-bib_query?bibcode=1999A%26A...344L..49A&amp;db_key=AST},
  adsnote = {Provided by the NASA Astrophysics Data System}
}

@ARTICLE{1999A&A...344L..63A,
   author = {{Afonso}, C. and others},
    title = "{Microlensing towards the Small Magellanic Cloud EROS 2 two-year analysis}",
  journal = {\aap},
     year = 1999,
    month = apr,
   volume = 344,
    pages = {L63-L66},
   adsurl = {http://adsabs.harvard.edu/cgi-bin/nph-bib_query?bibcode=1999A%26A...344L..63A&amp;db_key=AST},
  adsnote = {Provided by the NASA Astrophysics Data System}
}

@ARTICLE{1999ApJ...517..565P,
   author = {{Perlmutter}, S. and others},
    title = "{Measurements of $\Omega$ and $\Lambda$ from 42 High-Redshift Supernovae}",
  journal = {\apj},
     year = 1999,
    month = jun,
   volume = 517,
    pages = {565-586},
   adsurl = {http://adsabs.harvard.edu/cgi-bin/nph-bib_query?bibcode=1999ApJ...517..565P&amp;db_key=AST},
  adsnote = {Provided by the NASA Astrophysics Data System}
}

@ARTICLE{1999A&A...348..175E,
   author = {{Bauer}, F. and others},
    title = "{A slope variation in the period-luminosity relation for short period SMC Cepheids}",
  journal = {\aap},
     year = 1999,
    month = aug,
   volume = 348,
    pages = {175-183},
   adsurl = {http://adsabs.harvard.edu/cgi-bin/nph-bib_query?bibcode=1999A%26A...348..175E&amp;db_key=AST},
  adsnote = {Provided by the NASA Astrophysics Data System}
}

@ARTICLE{1999A&A...351...87E,
   author = {{Derue}, F. and others},
    title = "{Observation of microlensing towards the galactic spiral arms. EROS II. 2 year survey}",
  journal = {\aap},
     year = 1999,
    month = nov,
   volume = 351,
    pages = {87-96},
   adsurl = {http://adsabs.harvard.edu/cgi-bin/nph-bib_query?bibcode=1999A%26A...351...87E&amp;db_key=AST},
  adsnote = {Provided by the NASA Astrophysics Data System}
}

@ARTICLE{1999A&A...351L...5E,
   author = {{Goldman}, B. and others},
    title = "{EROS 2 proper motion survey: a field brown dwarf, and an L dwarf companion to LHS 102}",
  journal = {\aap},
     year = 1999,
    month = nov,
   volume = 351,
    pages = {L5-L9},
   adsurl = {http://adsabs.harvard.edu/cgi-bin/nph-bib_query?bibcode=1999A%26A...351L...5E&amp;db_key=AST},
  adsnote = {Provided by the NASA Astrophysics Data System}
}



@ARTICLE{2000PhST...85...47G,
   author = {{Goobar}, A. and others},
    title = "{The Acceleration of the Universe: Measurements of Cosmological Parameters from Type la Supernovae}",
  journal = {Physica Scripta Volume T},
     year = 2000,
   volume = 85,
    pages = {47},
   adsurl = {http://adsabs.harvard.edu/cgi-bin/nph-bib_query?bibcode=2000PhST...85...47G&amp;db_key=AST},
  adsnote = {Provided by the NASA Astrophysics Data System}
}


@ARTICLE{2000A&A...355L..39L,
   author = {{Lasserre}, T. and others},
    title = "{Not enough stellar mass Machos in the Galactic halo}",
  journal = {\aap},
     year = 2000,
    month = mar,
   volume = 355,
    pages = {L39-L42},
   adsurl = {http://adsabs.harvard.edu/cgi-bin/nph-bib_query?bibcode=2000A%26A...355L..39L&amp;db_key=AST},
  adsnote = {Provided by the NASA Astrophysics Data System}
}

@ARTICLE{2000A&AS..142..499R,
   author = {{Revenu}, B. and {Kim}, A. and {Ansari}, R. and {Couchot}, F. and 
	{Delabrouille}, J. and {Kaplan}, J.},
    title = "{Destriping of polarized data in a CMB mission with a circular scanning strategy}",
  journal = {\aaps},
     year = 2000,
    month = mar,
   volume = 142,
    pages = {499-509},
   adsurl = {http://adsabs.harvard.edu/cgi-bin/nph-bib_query?bibcode=2000A%26AS..142..499R&amp;db_key=AST},
  adsnote = {Provided by the NASA Astrophysics Data System}
}

@ARTICLE{2000ApJ...532..340A,
   author = {{Afonso}, C. and others},
    title = "{Combined Analysis of the Binary Lens Caustic-crossing Event MACHO 98-SMC-1}",
  journal = {\apj},
     year = 2000,
    month = mar,
   volume = 532,
    pages = {340-352},
   adsurl = {http://adsabs.harvard.edu/cgi-bin/nph-bib_query?bibcode=2000ApJ...532..340A&amp;db_key=AST},
  adsnote = {Provided by the NASA Astrophysics Data System}
}

@ARTICLE{2000A&A...362..419H,
   author = {{Hardin}, D. and others},
    title = "{Type Ia supernova rate at $z \sim 0.1$}",
  journal = {\aap},
     year = 2000,
    month = oct,
   volume = 362,
    pages = {419-425},
   adsurl = {http://adsabs.harvard.edu/cgi-bin/nph-bib_query?bibcode=2000A%26A...362..419H&amp;db_key=AST},
  adsnote = {Provided by the NASA Astrophysics Data System}
}

@ARTICLE{2001A&A...373..126D,
   author = {{Derue}, F. and others},
    title = "{Observation of microlensing toward the galactic spiral arms. EROS II 3 year survey}",
  journal = {\aap},
     year = 2001,
    month = jul,
   volume = 373,
    pages = {126-138},
   adsurl = {http://adsabs.harvard.edu/cgi-bin/nph-bib_query?bibcode=2001A%26A...373..126D&amp;db_key=AST},
  adsnote = {Provided by the NASA Astrophysics Data System}
}

@ARTICLE{2001ApJ...558..359G,
   author = {{Goldhaber}, G. and {Groom}, D.~E. and {Kim}, A. and others},
    title = "{Timescale Stretch Parameterization of Type Ia Supernova B-Band Light Curves}",
  journal = {\apj},
     year = 2001,
    month = sep,
   volume = 558,
    pages = {359-368},
   adsurl = {http://adsabs.harvard.edu/cgi-bin/nph-bib_query?bibcode=2001ApJ...558..359G&amp;db_key=AST},
  adsnote = {Provided by the NASA Astrophysics Data System}
}

@ARTICLE{2001A&A...378.1014A,
   author = {{Afonso}, C. and others},
    title = "{Photometric constraints on microlens spectroscopy of EROS-BLG-2000-5}",
  journal = {\aap},
     year = 2001,
    month = nov,
   volume = 378,
    pages = {1014-1023},
   adsurl = {http://adsabs.harvard.edu/cgi-bin/nph-bib_query?bibcode=2001A%26A...378.1014A&amp;db_key=AST},
  adsnote = {Provided by the NASA Astrophysics Data System}
}

@ARTICLE{2002A&A...389..149D,
   author = {{Derue}, F. and others},
    title = "{Observation of periodic variable stars towards the Galactic spiral arms by EROS II}",
  journal = {\aap},
     year = 2002,
    month = jul,
   volume = 389,
    pages = {149-161},
   adsurl = {http://adsabs.harvard.edu/cgi-bin/nph-bib_query?bibcode=2002A%26A...389..149D&amp;db_key=AST},
  adsnote = {Provided by the NASA Astrophysics Data System}
}

@ARTICLE{2002A&A...389L..69G,
   author = {{Goldman}, B. and others},
    title = "{EROS 2 proper motion survey: Constraints on the halo white dwarfs}",
  journal = {\aap},
     year = 2002,
    month = jul,
   volume = 389,
    pages = {L69-L73},
   adsurl = {http://adsabs.harvard.edu/cgi-bin/nph-bib_query?bibcode=2002A%26A...389L..69G&amp;db_key=AST},
  adsnote = {Provided by the NASA Astrophysics Data System}
}

@ARTICLE{2002PASP..114..803N,
   author = {{Nugent}, P. and {Kim}, A. and {Perlmutter}, S.},
    title = "{K-Corrections and Extinction Corrections for Type Ia Supernovae}",
  journal = {\pasp},
     year = 2002,
    month = aug,
   volume = 114,
    pages = {803-819},
   adsurl = {http://adsabs.harvard.edu/cgi-bin/nph-bib_query?bibcode=2002PASP..114..803N&amp;db_key=AST},
  adsnote = {Provided by the NASA Astrophysics Data System}
}

@ARTICLE{2002ApJ...577..120P,
   author = {{Pain}, R. and others},
    title = "{The Distant Type Ia Supernova Rate}",
  journal = {\apj},
     year = 2002,
    month = sep,
   volume = 577,
    pages = {120-132},
   adsurl = {http://adsabs.harvard.edu/cgi-bin/nph-bib_query?bibcode=2002ApJ...577..120P&amp;db_key=AST},
  adsnote = {Provided by the NASA Astrophysics Data System}
}


@ARTICLE{2003MNRAS.340.1057S,
   author = {{Sullivan}, M. and others},
    title = "{The Hubble diagram of type Ia supernovae as a function of host galaxy morphology}",
  journal = {\mnras},
     year = 2003,
    month = apr,
   volume = 340,
    pages = {1057-1075},
   adsurl = {http://adsabs.harvard.edu/cgi-bin/nph-bib_query?bibcode=2003MNRAS.340.1057S&amp;db_key=AST},
  adsnote = {Provided by the NASA Astrophysics Data System}
}

@ARTICLE{2003A&A...404..145A,
   author = {{Afonso}, C. and others},
    title = "{Bulge microlensing optical depth from EROS 2 observations}",
  journal = {\aap},
     year = 2003,
    month = jun,
   volume = 404,
    pages = {145-156},
   adsurl = {http://adsabs.harvard.edu/cgi-bin/nph-bib_query?bibcode=2003A%26A...404..145A&amp;db_key=AST},
  adsnote = {Provided by the NASA Astrophysics Data System}
}

@ARTICLE{2003ApJ...598..102K,
   author = {{Knop}, R.~A. and others},
    title = "{New Constraints on $\Omega_M$, $\Omega_\Lambda$, and $w$ from an Independent Set of 11 High-Redshift Supernovae Observed with the Hubble Space Telescope}",
  journal = {\apj},
     year = 2003,
    month = nov,
   volume = 598,
    pages = {102-137},
   adsurl = {http://adsabs.harvard.edu/cgi-bin/nph-bib_query?bibcode=2003ApJ...598..102K&amp;db_key=AST},
  adsnote = {Provided by the NASA Astrophysics Data System}
}

@ARTICLE{2004APh....20..377R,
   author = {{Rhodes}, J. and others},
    title = "{Weak lensing from space I: instrumentation and survey strategy}",
  journal = {Astroparticle Physics},
     year = 2004,
    month = jan,
   volume = 20,
    pages = {377-389},
   adsurl = {http://adsabs.harvard.edu/cgi-bin/nph-bib_query?bibcode=2004APh....20..377R&amp;db_key=AST},
  adsnote = {Provided by the NASA Astrophysics Data System}
}

@ARTICLE{2004MNRAS.347..909K,
   author = {{Kim}, A.~G. and {Linder}, E.~V. and {Miquel}, R. and {Mostek}, N.
	},
    title = "{Effects of systematic uncertainties on the supernova determination of cosmological parameters}",
  journal = {\mnras},
     year = 2004,
    month = jan,
   volume = 347,
    pages = {909-920},
   adsurl = {http://adsabs.harvard.edu/cgi-bin/nph-bib_query?bibcode=2004MNRAS.347..909K&amp;db_key=AST},
  adsnote = {Provided by the NASA Astrophysics Data System}
}

@ARTICLE{2004A&A...421..509A,
   author = {{Ansari}, R. and others},
    title = "{Variable stars towards the bulge of M 31: The AGAPE catalogue}",
  journal = {\aap},
     year = 2004,
    month = jul,
   volume = 421,
    pages = {509-518},
      doi = {10.1051/0004-6361:20035659},
   adsurl = {http://adsabs.harvard.edu/cgi-bin/nph-bib_query?bibcode=2004A%26A...421..509A&db_key=AST},
  adsnote = {Provided by the Smithsonian/NASA Astrophysics Data System}
}

@ARTICLE{2004AJ....128..387G,
   author = {{Garavini}, G. and others},
    title = "{Spectroscopic Observations and Analysis of the Peculiar SN 1999aa}",
  journal = {\aj},
     year = 2004,
    month = jul,
   volume = 128,
    pages = {387-404},
      doi = {10.1086/421747},
   adsurl = {http://adsabs.harvard.edu/cgi-bin/nph-bib_query?bibcode=2004AJ....128..387G&db_key=AST},
  adsnote = {Provided by the Smithsonian/NASA Astrophysics Data System}
}

@ARTICLE{2004A&A...423..881B,
   author = {{Blanc}, G. and others},
    title = "{Type Ia supernova rate at a redshift of ~0.1}",
  journal = {\aap},
     year = 2004,
    month = sep,
   volume = 423,
    pages = {881-894},
      doi = {10.1051/0004-6361:20035948},
   adsurl = {http://adsabs.harvard.edu/cgi-bin/nph-bib_query?bibcode=2004A%26A...423..881B&db_key=AST},
  adsnote = {Provided by the Smithsonian/NASA Astrophysics Data System}
}

@ARTICLE{2004ApJ...615..595H,
   author = {{Huterer}, D. and {Kim}, A. and {Krauss}, L.~M. and {Broderick}, T.
	},
    title = "{Redshift Accuracy Requirements for Future Supernova and Number Count Surveys}",
  journal = {\apj},
     year = 2004,
    month = nov,
   volume = 615,
    pages = {595-602},
      doi = {10.1086/424726},
   adsurl = {http://adsabs.harvard.edu/cgi-bin/nph-bib_query?bibcode=2004ApJ...615..595H&db_key=AST},
  adsnote = {Provided by the Smithsonian/NASA Astrophysics Data System}
}

@ARTICLE{2005A&A...430..843L,
   author = {{Lidman}, C. and others},
    title = "{Spectroscopic confirmation of high-redshift supernovae with the ESO VLT.}",
  journal = {\aap},
     year = 2005,
    month = feb,
   volume = 430,
    pages = {843-851},
      doi = {10.1051/0004-6361:20041504},
   adsurl = {http://adsabs.harvard.edu/cgi-bin/nph-bib_query?bibcode=2005A%26A...430..843L&db_key=AST},
  adsnote = {Provided by the Smithsonian/NASA Astrophysics Data System}
}

@ARTICLE{2005A&A...437..789N,
   author = {{Nobili}, S. and others},
    title = "{Restframe I-band Hubble diagram for type Ia supernovae up to redshift z ~ 0.5}",
  journal = {\aap},
     year = 2005,
    month = jul,
   volume = 437,
    pages = {789-804},
      doi = {10.1051/0004-6361:20042463},
   adsurl = {http://adsabs.harvard.edu/cgi-bin/nph-bib_query?bibcode=2005A%26A...437..789N&db_key=AST},
  adsnote = {Provided by the Smithsonian/NASA Astrophysics Data System}
}

@ARTICLE{2005AJ....130.2278G,
   author = {{Garavini}, G. and others},
    title = "{Spectroscopic Observations and Analysis of the Unusual Type Ia SN 1999ac}",
  journal = {\aj},
     year = 2005,
    month = nov,
   volume = 130,
    pages = {2278-2292},
      doi = {10.1086/444595},
   adsurl = {http://adsabs.harvard.edu/cgi-bin/nph-bib_query?bibcode=2005AJ....130.2278G&db_key=AST},
  adsnote = {Provided by the Smithsonian/NASA Astrophysics Data System}
}

@ARTICLE{2005AJ....130.2788H,
   author = {{Hook}, I.~M. and others},
    title = "{Spectra of High-Redshift Type Ia Supernovae and a Comparison with Their Low-Redshift Counterparts}",
  journal = {\aj},
   eprint = {arXiv:astro-ph/0509041},
     year = 2005,
    month = dec,
   volume = 130,
    pages = {2788-2803},
      doi = {10.1086/497635},
   adsurl = {http://adsabs.harvard.edu/abs/2005AJ....130.2788H},
  adsnote = {Provided by the Smithsonian/NASA Astrophysics Data System}
}

@ARTICLE{2006APh....24..451K,
   author = {{Kim}, A.~G. and {Miquel}, R.},
    title = "{Optimal extraction of cosmological information from supernova data in the presence of calibration uncertainties}",
  journal = {Astroparticle Physics},
   eprint = {arXiv:astro-ph/0508252},
     year = 2006,
    month = jan,
   volume = 24,
    pages = {451-458},
      doi = {10.1016/j.astropartphys.2005.09.005},
   adsurl = {http://adsabs.harvard.edu/abs/2006APh....24..451K},
  adsnote = {Provided by the Smithsonian/NASA Astrophysics Data System}
}

@ARTICLE{2006PASP..118..205D,
   author = {{Davis}, T.~M. and {Schmidt}, B.~P. and {Kim}, A.~G.},
    title = "{Ideal Bandpasses for Type Ia Supernova Cosmology}",
  journal = {\pasp},
   eprint = {arXiv:astro-ph/0511017},
     year = 2006,
    month = feb,
   volume = 118,
    pages = {205-217},
      doi = {10.1086/499116},
   adsurl = {http://adsabs.harvard.edu/abs/2006PASP..118..205D},
  adsnote = {Provided by the Smithsonian/NASA Astrophysics Data System}
}


@ARTICLE{2006ApJ...644....1C,
   author = {{Conley}, A. and others},
    title = "{Measurement of {$\Omega_m$}, {$\Omega_\Lambda$} from a Blind Analysis of Type Ia Supernovae with CMAGIC: Using Color Information to Verify the Acceleration of the Universe}",
  journal = {\apj},
   eprint = {arXiv:astro-ph/0602411},
     year = 2006,
    month = jun,
   volume = 644,
    pages = {1-20},
      doi = {10.1086/503533},
   adsurl = {http://adsabs.harvard.edu/abs/2006ApJ...644....1C},
  adsnote = {Provided by the Smithsonian/NASA Astrophysics Data System}
}


@ARTICLE{2006MNRAS.370..933J,
   author = {{James}, J.~B. and {Davis}, T.~M. and {Schmidt}, B.~P. and {Kim}, A.~G.
	},
    title = "{Spectral diversity of Type Ia supernovae}",
  journal = {\mnras},
   eprint = {arXiv:astro-ph/0605147},
     year = 2006,
    month = aug,
   volume = 370,
    pages = {933-940},
      doi = {10.1111/j.1365-2966.2006.10508.x},
   adsurl = {http://adsabs.harvard.edu/abs/2006MNRAS.370..933J},
  adsnote = {Provided by the Smithsonian/NASA Astrophysics Data System}
}


@ARTICLE{2007APh....27..213A,
   author = {{Aldering}, G. and {Kim}, A.~G. and {Kowalski}, M. and {Linder}, E.~V. and 
	{Perlmutter}, S.},
    title = "{Snapping supernovae at {$z > 1.7$}}",
  journal = {Astroparticle Physics},
   eprint = {arXiv:astro-ph/0607030},
     year = 2007,
    month = mar,
   volume = 27,
    pages = {213-225},
      doi = {10.1016/j.astropartphys.2006.11.001},
   adsurl = {http://adsabs.harvard.edu/abs/2007APh....27..213A},
  adsnote = {Provided by the Smithsonian/NASA Astrophysics Data System}
}


@ARTICLE{2007A&A...470..411G,
   author = {{Garavini}, G. and others},
    title = "{Quantitative comparison between type Ia supernova spectra at low and high redshifts: a case study}",
  journal = {\aap},
   eprint = {arXiv:astro-ph/0703629},
     year = 2007,
    month = aug,
   volume = 470,
    pages = {411-424},
      doi = {10.1051/0004-6361:20065400},
   adsurl = {http://adsabs.harvard.edu/abs/2007A%26A...470..411G},
  adsnote = {Provided by the Smithsonian/NASA Astrophysics Data System}
}

@ARTICLE{2007APh....28..448K,
   author = {{Kim}, A.~G. and {Miquel}, R.},
    title = "{Measuring type Ia supernova distances and redshifts from their multi-band light curves}",
  journal = {Astroparticle Physics},
   eprint = {arXiv:0708.2745},
     year = 2007,
    month = dec,
   volume = 28,
    pages = {448-455},
      doi = {10.1016/j.astropartphys.2007.08.009},
   adsurl = {http://adsabs.harvard.edu/abs/2007APh....28..448K},
  adsnote = {Provided by the SAO/NASA Astrophysics Data System}
}


@ARTICLE{2008ApJ...673..981K,
   author = {{Kuznetsova}, N. and others},
    title = "{A New Determination of the High-Redshift Type Ia Supernova Rates with the Hubble Space Telescope Advanced Camera for Surveys}",
  journal = {\apj},
   eprint = {arXiv:0710.3120},
 keywords = {Stars: Supernovae: General},
     year = 2008,
    month = feb,
   volume = 673,
    pages = {981-998},
      doi = {10.1086/524881},
   adsurl = {http://adsabs.harvard.edu/abs/2008ApJ...673..981K},
  adsnote = {Provided by the SAO/NASA Astrophysics Data System}
}

@ARTICLE{2008ApJ...686..749K,
   author = {{Kowalski}, M. and others},
    title = "{Improved Cosmological Constraints from New, Old, and Combined Supernova Data Sets}",
  journal = {\apj},
archivePrefix = "arXiv",
   eprint = {0804.4142},
 keywords = {Cosmology: Cosmological Parameters, Cosmology: Observations, Stars: Supernovae: General},
     year = 2008,
    month = oct,
   volume = 686,
    pages = {749-778},
      doi = {10.1086/589937},
   adsurl = {http://adsabs.harvard.edu/abs/2008ApJ...686..749K},
  adsnote = {Provided by the SAO/NASA Astrophysics Data System}
}

@ARTICLE{2009ApJ...700.1415N,
   author = {{Nobili}, S. and others},
    title = "{Constraining Dust and Color Variations of High-z SNe Using NICMOS on the Hubble Space Telescope}",
  journal = {\apj},
archivePrefix = "arXiv",
   eprint = {0906.4318},
 keywords = {cosmology: observations, cosmological parameters, supernovae: general},
     year = 2009,
    month = aug,
   volume = 700,
    pages = {1415-1427},
      doi = {10.1088/0004-637X/700/2/1415},
   adsurl = {http://adsabs.harvard.edu/abs/2009ApJ...700.1415N},
  adsnote = {Provided by the SAO/NASA Astrophysics Data System}
}

@ARTICLE{2010APh....33..248K,
   author = {{Kim}, A. and others},
    title = "{Prospective Type Ia supernova surveys from Dome A}",
  journal = {Astroparticle Physics},
archivePrefix = "arXiv",
   eprint = {1002.2948},
 primaryClass = "astro-ph.CO",
     year = 2010,
    month = may,
   volume = 33,
    pages = {248-254},
      doi = {10.1016/j.astropartphys.2010.02.004},
   adsurl = {http://adsabs.harvard.edu/abs/2010APh....33..248K},
  adsnote = {Provided by the SAO/NASA Astrophysics Data System}
}

@ARTICLE{2010ApJ...716..712A,
   author = {{Amanullah}, R. and others},
    title = "{Spectra and Hubble Space Telescope Light Curves of Six Type Ia Supernovae at $0.511 < z < 1.12$ and the Union2 Compilation}",
  journal = {\apj},
archivePrefix = "arXiv",
   eprint = {1004.1711},
 primaryClass = "astro-ph.CO",
 keywords = {cosmological parameters, cosmology: observations, supernovae: general},
     year = 2010,
    month = jun,
   volume = 716,
    pages = {712-738},
      doi = {10.1088/0004-637X/716/1/712},
   adsurl = {http://adsabs.harvard.edu/abs/2010ApJ...716..712A},
  adsnote = {Provided by the SAO/NASA Astrophysics Data System}
}

@ARTICLE{2011PASP..123..230K,
   author = {{Kim}, A.~G.},
    title = "{Type Ia Supernova Intrinsic Magnitude Dispersion and the Fitting of Cosmological Parameters}",
  journal = {\pasp},
archivePrefix = "arXiv",
   eprint = {1101.3513},
 primaryClass = "astro-ph.CO",
 keywords = {Data Analysis and Techniques},
     year = 2011,
    month = feb,
   volume = 123,
    pages = {230-236},
      doi = {10.1086/658498},
   adsurl = {http://adsabs.harvard.edu/abs/2011PASP..123..230K},
  adsnote = {Provided by the SAO/NASA Astrophysics Data System}
}

@ARTICLE{2011PASP..123..470S,
   author = {{Samsing}, J. and {Kim}, A.~G.},
    title = "{Dithering Strategies and Point-Source Photometry}",
  journal = {\pasp},
 keywords = {Astronomical Techniques},
     year = 2011,
    month = apr,
   volume = 123,
    pages = {470-480},
      doi = {10.1086/659244},
   adsurl = {http://adsabs.harvard.edu/abs/2011PASP..123..470S},
  adsnote = {Provided by the SAO/NASA Astrophysics Data System}
}


@ARTICLE{2011JCAP...06..020K,
   author = {{Kim}, A.~G. and {Linder}, E.~V.},
    title = "{Correlated supernova systematics and ground based surveys}",
  journal = {JCAP},
archivePrefix = "arXiv",
   eprint = {1102.1992},
 primaryClass = "astro-ph.CO",
     year = 2011,
    month = jun,
   volume = 6,
    pages = {20},
      doi = {10.1088/1475-7516/2011/06/020},
   adsurl = {http://adsabs.harvard.edu/abs/2011JCAP...06..020K},
  adsnote = {Provided by the SAO/NASA Astrophysics Data System}
}

@ARTICLE{2011APh....34..847F,
   author = {{Faccioli}, L. and {Kim}, A.~G. and others
	},
    title = "{Reducing zero-point systematics in dark energy supernova experiments}",
  journal = {Astroparticle Physics},
archivePrefix = "arXiv",
   eprint = {1004.3511},
 primaryClass = "astro-ph.CO",
     year = 2011,
    month = jul,
   volume = 34,
    pages = {847-857},
      doi = {10.1016/j.astropartphys.2011.03.003},
   adsurl = {http://adsabs.harvard.edu/abs/2011APh....34..847F},
  adsnote = {Provided by the SAO/NASA Astrophysics Data System}
}


@ARTICLE{2012PhRvD..85l3530S,
   author = {{Shafieloo}, A. and {Kim}, A.~G. and {Linder}, E.~V.},
    title = "{Gaussian process cosmography}",
  journal = {\prd},
archivePrefix = "arXiv",
   eprint = {1204.2272},
 primaryClass = "astro-ph.CO",
 keywords = {Cosmology, Probability theory, stochastic processes, and statistics, Dark energy},
     year = 2012,
    month = jun,
   volume = 85,
   number = 12,
      eid = {123530},
    pages = {123530},
      doi = {10.1103/PhysRevD.85.123530},
   adsurl = {http://adsabs.harvard.edu/abs/2012PhRvD..85l3530S},
  adsnote = {Provided by the SAO/NASA Astrophysics Data System}
}

@ARTICLE{2012ApJ...753..152B,
   author = {{Bernstein}, J.~P. and others
	},
    title = "{Supernova Simulations and Strategies for the Dark Energy Survey}",
  journal = {\apj},
archivePrefix = "arXiv",
   eprint = {1111.1969},
 primaryClass = "astro-ph.CO",
 keywords = {cosmological parameters, dark energy, supernovae: general },
     year = 2012,
    month = jul,
   volume = 753,
      eid = {152},
    pages = {152},
      doi = {10.1088/0004-637X/753/2/152},
   adsurl = {http://adsabs.harvard.edu/abs/2012ApJ...753..152B},
  adsnote = {Provided by the SAO/NASA Astrophysics Data System}
}


@ARTICLE{2013PhRvD..87b3520S,
   author = {{Shafieloo}, A. and {Kim}, A.~G. and {Linder}, E.~V.},
    title = "{Model independent tests of cosmic growth versus expansion}",
  journal = {\prd},
archivePrefix = "arXiv",
   eprint = {1211.6128},
 primaryClass = "astro-ph.CO",
 keywords = {Cosmology, Dark energy},
     year = 2013,
    month = jan,
   volume = 87,
   number = 2,
      eid = {023520},
    pages = {023520},
      doi = {10.1103/PhysRevD.87.023520},
   adsurl = {http://adsabs.harvard.edu/abs/2013PhRvD..87b3520S},
  adsnote = {Provided by the SAO/NASA Astrophysics Data System}
}


@ARTICLE{2013ApJ...766...84K,
   author = {{Kim}, A.~G. and others},
    title = "{Standardizing Type Ia Supernova Absolute Magnitudes Using Gaussian Process Data Regression}",
  journal = {\apj},
archivePrefix = "arXiv",
   eprint = {1302.2925},
 primaryClass = "astro-ph.CO",
 keywords = {distance scale, methods: data analysis, supernovae: general },
     year = 2013,
    month = apr,
   volume = 766,
      eid = {84},
    pages = {84},
      doi = {10.1088/0004-637X/766/2/84},
   adsurl = {http://adsabs.harvard.edu/abs/2013ApJ...766...84K},
  adsnote = {Provided by the SAO/NASA Astrophysics Data System}
}

@misc{ISWGReport,
  author = {{Baltay}, C. and others},
  title="{JDEM-ISWG Report to NASA and DOE Headquarters}",
   year = 2010
}

@ARTICLE{2013ATel.5568....1C,
   author = {{Childress}, M. and others},
    title = "{OzDES Spectroscopic Classification of DES transients}",
  journal = {The Astronomer's Telegram},
 keywords = {Optical, Supernovae},
     year = 2013,
    month = nov,
   volume = 5568,
    pages = {1},
   adsurl = {http://adsabs.harvard.edu/abs/2013ATel.5568....1C},
  adsnote = {Provided by the SAO/NASA Astrophysics Data System}
}

@ARTICLE{2013arXiv1309.5382K,
   author = {{Kim}, A. and others},
    title = "{Distance Probes of Dark Energy}",
  journal = {Astroparticle Physics},
archivePrefix = "arXiv",
   eprint = {1309.5382},
 keywords = {Astrophysics - Cosmology and Nongalactic Astrophysics},
     year = 2014,
     volume = {accepted},
   adsurl = {http://adsabs.harvard.edu/abs/2013arXiv1309.5382K},
  adsnote = {Provided by the SAO/NASA Astrophysics Data System}
}

@ARTICLE{2013arXiv1309.5386D,
   author = {{Dodelson}, S. and {Honscheid}, K. and {Abazajian}, K. and {Carlstrom}, J. and 
	{Huterer}, D. and {Jain}, B. and {Kim}, A. and {Kirkby}, D. and 
	{Lee}, A. and {Padmanabhan}, N. and {Rhodes}, J. and {Weinberg}, D.
	},
    title = "{Dark Energy and CMB}",
      journal = {Astroparticle Physics},
  year = 2014,
  volume={accepted},
  archivePrefix = "arXiv",
   eprint = {1309.5386},
 primaryClass = "astro-ph.CO",
 keywords = {Astrophysics - Cosmology and Extragalactic Astrophysics},
   adsurl = {http://adsabs.harvard.edu/abs/2013arXiv1309.5386D},
  adsnote = {Provided by the SAO/NASA Astrophysics Data System}
}

@ARTICLE{2012arXiv1211.0310L,
   author = {{LSST Dark Energy Science Collaboration}},
    title = "{Large Synoptic Survey Telescope: Dark Energy Science Collaboration}",
  journal = {ArXiv e-prints},
archivePrefix = "arXiv",
   eprint = {1211.0310},
 primaryClass = "astro-ph.CO",
 keywords = {Astrophysics - Cosmology and Extragalactic Astrophysics, High Energy Physics - Experiment},
     year = 2012,
    month = nov,
   adsurl = {http://adsabs.harvard.edu/abs/2012arXiv1211.0310L},
  adsnote = {Provided by the SAO/NASA Astrophysics Data System}
}

@ARTICLE{2014MNRAS.445.1482S,
   author = {{S{\'a}nchez}, C. and others},
    title = "{Photometric redshift analysis in the Dark Energy Survey Science Verification data}",
  journal = {\mnras},
 keywords = {Astronomical data bases: surveys, galaxies: distances and redshifts, galaxies: statistics, large-scale structure of Universe},
     year = 2014,
    month = dec,
   volume = 445,
    pages = {1482-1506},
      doi = {10.1093/mnras/stu1836},
   adsurl = {http://adsabs.harvard.edu/abs/2014MNRAS.445.1482S},
  adsnote = {Provided by the SAO/NASA Astrophysics Data System}
}

